<?xml version="1.0" encoding="UTF-8"?><collection xmlns="http://www.loc.gov/MARC21/slim"><record><leader>00366nam--2200133-i-4500</leader><controlfield tag="001">000041645</controlfield><controlfield tag="002">20161230</controlfield><controlfield tag="005">20161230201043</controlfield><controlfield tag="008">060222s1000------------r-----000-0-eng-d</controlfield><datafield ind1=" " ind2=" " tag="100"><subfield code="a">Simmons,George F</subfield></datafield><datafield ind1=" " ind2=" " tag="245"><subfield code="a">Introduction to topology and modern analysis</subfield></datafield><datafield ind1=" " ind2=" " tag="260"><subfield code="a">New York, Mcgraw-hill, 1963. Xv + 372 P</subfield></datafield><datafield ind1=" " ind2=" " tag="852"><subfield code="a">23808</subfield><subfield code="c">517.5</subfield></datafield><datafield ind1=" " ind2=" " tag="CAT"><subfield code="a">Sys</subfield><subfield code="c">20080804</subfield><subfield code="h">084523</subfield></datafield></record></collection>